@book{cantor1892ueber,
  title={Üeber eine elementare Frage der Mannigfaltigkeitslehre},
  author={Cantor, G.},
  url={https://books.google.co.uk/books?id=QewrtAEACAAJ},
  year={1892},
  publisher={Druck und Verlag von Georg Reimer}
}

@incollection{lawvere1969diagonal,
  title={Diagonal arguments and cartesian closed categories},
  author={Lawvere, William F},
  booktitle={Category theory, homology theory and their applications II},
  pages={134--145},
  year={1969},
  publisher={Springer}
}

@article{Cantor:1874,
  added-at = {2008-03-11T14:52:34.000+0100},
  author = {Cantor, G.},
  biburl = {https://www.bibsonomy.org/bibtex/287c85055a79e3029681a9b5a55c13b1f/idsia},
  citeulike-article-id = {2380899},
  interhash = {ab392f42cd5ddd3ae1641515de654c87},
  intrahash = {87c85055a79e3029681a9b5a55c13b1f},
  journal = {Crelle's Journal f\"{u}r Mathematik},
  keywords = {juergen},
  pages = {258--263},
  priority = {2},
  timestamp = {2008-03-11T14:55:14.000+0100},
  title = {{\"{U}ber eine Eigenschaft des Inbegriffes aller reellen algebraischen Zahlen}},
  volume = 77,
  year = 1874
}


@book{russell2009principles,
  title={Principles of mathematics},
  author={Russell, Bertrand},
  year={2009},
  publisher={Routledge}
}

@book{russell25,
  added-at = {2008-05-19T00:56:16.000+0200},
  author = {Whitehead, Alfred North and Russell, Bertrand},
  biburl = {https://www.bibsonomy.org/bibtex/28bc03526df383296e020ad564895db6d/vittorio.loreto},
  interhash = {0ba50f74a0c4508ff0c3560bee35307e},
  intrahash = {8bc03526df383296e020ad564895db6d},
  keywords = {1925 1927 empirism logic mathematica principia russell whitehead},
  publisher = {Cambridge University Press},
  timestamp = {2008-05-19T00:56:17.000+0200},
  title = {Principia Mathematica},
  year = {1925--1927}
}

@book{hilbert1928theoretische,
  title={Grundzüge der theoretischen Logik},
  author={D. Hilbert and W. Ackerman},
  publisher={Berlin, J. Springer},
  year = {1928}
}

@article{turing1937computable,
  title={On computable numbers, with an application to the Entscheidungsproblem},
  author={Turing, Alan Mathison},
  journal={Proceedings of the London mathematical society},
  volume={2},
  number={1},
  pages={230--265},
  year={1937},
  publisher={Wiley Online Library}
}

@book{martin1984intuitionistic,
  title={Intuitionistic type theory},
  author={Martin-L{\"o}f, Per and Sambin, Giovanni},
  volume={9},
  year={1984},
  publisher={Bibliopolis Naples}
}

@Book{hottbook,
  author =    {The {Univalent Foundations Program}},
  title =     {Homotopy Type Theory: Univalent Foundations of Mathematics},
  publisher = {\url{https://homotopytypetheory.org/book}},
  address =   {Institute for Advanced Study},
  year =      2013}
